<collection xmlns="http://www.loc.gov/MARC21/slim"><record><leader>00716nam  2200217   450</leader><controlfield tag="001">551</controlfield><controlfield tag="003">http://montalegre.opacnet.com/OPAC/default.aspx?ContentAreaControl=ShowRegHoldings.ascx&amp;RegNo=16662</controlfield><datafield tag="095" ind1=" " ind2=" "><subfield code="a">PTBN00016957</subfield></datafield><datafield tag="100" ind1=" " ind2=" "><subfield code="a">19860611d1985    k  y0pora010305  ba</subfield></datafield><datafield tag="101" ind1="1" ind2=" "><subfield code="a">por</subfield><subfield code="c">fre</subfield></datafield><datafield tag="102" ind1=" " ind2=" "><subfield code="a">PT</subfield></datafield><datafield tag="200" ind1="1" ind2=" "><subfield code="a">&lt;O &gt;castelo do homem ancorado</subfield><subfield code="f">J. K. Huysmans</subfield><subfield code="g">trad. Aníbal Fernandes</subfield></datafield><datafield tag="210" ind1=" " ind2=" "><subfield code="a">Lisboa</subfield><subfield code="c">Estampa</subfield><subfield code="d">imp. 1985</subfield></datafield><datafield tag="215" ind1=" " ind2=" "><subfield code="a">193 p.</subfield><subfield code="d">19 cm</subfield></datafield><datafield tag="225" ind1="2" ind2=" "><subfield code="a">Livro B</subfield><subfield code="v">48</subfield></datafield><datafield tag="304" ind1=" " ind2=" "><subfield code="a">Tít. orig. En rade</subfield></datafield><datafield tag="675" ind1=" " ind2=" "><subfield code="a">821</subfield><subfield code="v">bn</subfield><subfield code="z">por</subfield></datafield><datafield tag="700" ind1=" " ind2="1"><subfield code="a">Huysmans</subfield><subfield code="b">Joris Karl</subfield><subfield code="f">1848-1907</subfield></datafield><datafield tag="702" ind1=" " ind2="1"><subfield code="a">Fernandes</subfield><subfield code="b">Aníbal</subfield><subfield code="f">1944-</subfield><subfield code="4">730</subfield></datafield><datafield tag="801" ind1=" " ind2="0"><subfield code="a">PT</subfield><subfield code="b">Biblioteca Municipal de Montalegre</subfield><subfield code="g">RPC</subfield></datafield><datafield tag="856" ind1=" " ind2=" "><subfield code="u">locateMedia.asp?cod=20060518112244&amp;ext=jpg</subfield><subfield code="z">CAPA</subfield></datafield><datafield tag="909" ind1="&#9;" ind2=" "><subfield code="a">1</subfield></datafield><datafield tag="966" ind1=" " ind2=" "><subfield code="a">0008756</subfield><subfield code="l">BMM</subfield><subfield code="s">SCG 821 HUY cas 48</subfield></datafield></record></collection>